<record><leader>00000cas a22000007a 4500</leader><controlfield tag="001">12897794</controlfield><controlfield tag="008">851212d18891895wvudr ne      0    0eng d</controlfield><datafield ind1=" " ind2=" " tag="010"><subfield code="a">sn 85059810 </subfield></datafield><datafield ind1=" " ind2=" " tag="040"><subfield code="a">WVC</subfield><subfield code="b">eng</subfield><subfield code="c">WVC</subfield><subfield code="d">DLC</subfield><subfield code="d">NYS</subfield><subfield code="d">NVK</subfield><subfield code="d">OCLCQ</subfield><subfield code="d">OCLCF</subfield><subfield code="d">OCLCO</subfield></datafield><datafield ind1="1" ind2=" " tag="029"><subfield code="a">AU@</subfield><subfield code="b">000021316630</subfield></datafield><datafield ind1=" " ind2=" " tag="042"><subfield code="a">msc</subfield></datafield><datafield ind1="0" ind2=" " tag="130"><subfield code="a">Daily advertiser (Huntington, W. Va.)</subfield></datafield><datafield ind1="0" ind2="0" tag="245"><subfield code="a">Daily advertiser.</subfield></datafield><datafield ind1=" " ind2=" " tag="260"><subfield code="a">Huntington, W. Va. :</subfield><subfield code="b">Cameron L. Thompson,</subfield><subfield code="c">1889-</subfield></datafield><datafield ind1=" " ind2=" " tag="300"><subfield code="a">v.</subfield></datafield><datafield ind1=" " ind2=" " tag="310"><subfield code="a">Daily</subfield></datafield><datafield ind1="0" ind2=" " tag="362"><subfield code="a">Vol. 1, no. 1 (Sept. 2, 1889)-</subfield></datafield><datafield ind1="1" ind2=" " tag="362"><subfield code="a">Ceased in 1895?</subfield></datafield><datafield ind1=" " ind2=" " tag="500"><subfield code="a">Publishers: Cameron L. Thompson, 1889; James H. Edwards, 1890; George W. Summers, 1890-1891; James G. &amp; Stockton Downtain, 1891-1895; Long Pub. Co., 1895.</subfield></datafield><datafield ind1=" " ind2=" " tag="530"><subfield code="a">Available on microfilm from U.M.I.</subfield></datafield><datafield ind1=" " ind2="0" tag="651"><subfield code="a">Huntington (W. Va.)</subfield><subfield code="v">Newspapers.</subfield></datafield><datafield ind1=" " ind2="7" tag="655"><subfield code="a">Newspapers.</subfield><subfield code="2">fast</subfield><subfield code="0">(OCoLC)fst01423814</subfield></datafield><datafield ind1=" " ind2="7" tag="651"><subfield code="a">West Virginia</subfield><subfield code="z">Huntington.</subfield><subfield code="2">fast</subfield><subfield code="0">(OCoLC)fst01202938</subfield></datafield><datafield ind1=" " ind2=" " tag="752"><subfield code="a">United States</subfield><subfield code="b">West Virginia</subfield><subfield code="c">Cabell</subfield><subfield code="d">Huntington.</subfield></datafield><datafield ind1="0" ind2=" " tag="775"><subfield code="t">Huntington advertiser (Huntington, W. Va. : 1874)</subfield><subfield code="w">(DLC)sn 85059908</subfield></datafield><datafield ind1="0" ind2="0" tag="785"><subfield code="t">Huntington advertiser (Huntington, W. Va. : 1889)</subfield><subfield code="w">(DLCL)sn 85059809</subfield></datafield></record>